@article
{LargetSimon1999,
author = "Bret Larget and Donald L. Simon",
title = "Markov chain monte carlo algorithms for the Bayesian analysis of phylogenetic trees",
journal = "Molecular Biology and Evolution",
volume = "16",
number = "6",
pages = "750--759",
keywords = "Bayesian",
year = "1999"
}

@article
{LewisHolderHolsinger2005,
author = "Paul Ollin Lewis and Mark Travis Holder and Kent E. Holsinger",
title = "Polytomies and Bayesian phylogenetic inference",
journal = "Systematic Biology",
volume = "54",
number = "2",
pages = "241--253",
year = "2005"
}

@article
{LewisLewis2005,
author = "Louise Ann Lewis and Paul Ollin Lewis",
title = "Unearthing the molecular phylodiversity of desert soil green algae (Chlorophyta)",
journal = "Systematic Biology",
volume = "54",
number = "6",
pages = "936–-947",
year = "2005"
}

@article
{LiPearlDoss2000,
author = "Shuying Li and Dennis K. Pearl and Hani Doss",
title = "Phylogenetic tree construction using Markov Chain Monte Carlo",
journal = "Journal of the American Statistical Association",
volume = "95",
number = "450",
pages = "493--508",
year = "2000"
}

@article
{Neal2003a,
author = "Radford M. Neal",
title = "Slice sampling",
journal = "Annals of Statistics",
volume = "31",
number = "3",
pages = "705--741",
year = "2003"
}

@book{
Felsenstein2004,
author = {Joe Felsenstein},
title = {Inferring Phylogenies},
publisher = {Sinauer Associates},
address = {Sunderland, Massachusetts},
year = {2004}
}

@incollection{
JukesCantor1969,
Author = {T H Jukes and C R Cantor},
Title = {Evolution of protein molecules},
BookTitle = {Mammalian Protein Metabolism},
Editor = {Munro, H N},
Publisher = {Academic Press},
Address = {New York},
Pages = {21--132},
Year = {1969}
}

@article{
Felsenstein1981,
author = "Joe Felsenstein",
title = "Evolutionary trees from DNA sequences:  a maximum likelihood approach",
journal = "Journal of Molecular Evolution",
volume = "17",
pages = "368--376",
year = "1981"
}

@article{
Kimura1980,
author = "Motoo Kimura",
title = "Estimation of evolutionary distances between homologous nucleotide sequences",
journal = "Proceedings of the National Academy of Science USA",
volume = "78",
pages = "454--458",
year = "1981"
}

@article
{HasegawaKishinoYano1985,
author = "M Hasegawa and Hirohisa Kishino and T Yano",
title = "Dating of the human-ape splitting by a molecular clock of mitochondrial DNA",
journal = "Journal of Molecular Evolution",
volume = "22",
pages = "160--174",
year = "1985"
}

@article
{LanavePreparataSacconeSerio1984,
author = "Cecilia Lanave and Giuliano Preparata and Cecilia Saccone and Gabriella Serio",
title = "A new method for calculating evolutionary substitution rates",
journal = "Journal of Molecular Evolution",
volume = "20",
pages = "86--93",
keywords = "GTR",
year = "1984"
}

@article{
Reeves1992,
author = "Jaxk H. Reeves",
title = "Heterogeneity in the substitution process of amino acid sites of proteins coded for by mitochondrial DNA",
journal = "Journal of Molecular Evolution",
volume = "35",
pages = "17--31",
year = "1992"
}

@article{
Yang1994,
author = "Ziheng Yang",
title = "Maximum likelihood phylogenetic estimation from DNA sequences with variable rates over sites:  approximate methods",
journal = "Journal of Molecular Evolution",
volume = "39",
pages = "306--314",
year = "1994"
}








