@article
{Green1995,
	Author		= {Peter J. Green},
	Title		= {Reversible jump Markov chain Monte Carlo computation and Bayesian model determination},
	Journal		= {Biometrika},
	Volume		= {82},
	Number		= {4},
	Pages		= {711--732},
	Year		= {1995}
}

@article
{KosakovskypondMuse2005,
   Author		= {Sergei Kosakovsky-Pond and Spencer V. Muse},
   Title		= {Site-to-site variation of synonymous substitution rates},
   Journal		= {Molecular Biology and Evolution},
   Volume		= {22},
   Number		= {12},
   Pages		= {2375--2385},
   Year			= {2005} 
}

@article
{LewisHolderHolsinger2005,
   Author		= {Paul O. Lewis and Mark T. Holder and Kent E. Holsinger},
   Title		= {Polytomies and Bayesian phylogenetic inference},
   Journal		= {Systematic Biology},
   Volume		= {54},
   Number		= {2},
   Pages		= {241--253},
   Year			= {2005}
}

@article
{Neal2003a,
   Author		= {Radford M. Neal},
   Title		= {Slice sampling},
   Journal		= {Annals of Statistics},
   Volume		= {31},
   Number		= {3},
   Pages		= {705--741},
   Year			= {2003}
}

@book
{Terrell1999,
   Author		= {George R. Terrell},
   Title		= {Mathematical statistics: a unified introduction},
   Publisher	= {Springer},
   Address		= {New York},
   Year			= {1999}
}

@Article
{Yang1994,
	author		= {Ziheng Yang},
	year		= {1994},
	title		= {Statistical properties of the maximum likelihood method of phylogenetic estimation and comparison with distance matrix methods},
	journal		= {Systematic Biology},
	volume		= {43},
	number		= {},
	pages		= {329--342}
}



